@article{bhoopchand2016learning,
  title={Learning Python code suggestion with a sparse pointer network},
  author={Bhoopchand, Avishkar and Rockt{\"a}schel, Tim and Barr, Earl and Riedel, Sebastian},
  journal={arXiv preprint arXiv:1611.08307},
  year={2016}
}

@incollection{NIPS2015_5866,
title = {Pointer Networks},
author = {Vinyals, Oriol and Fortunato, Meire and Jaitly, Navdeep},
booktitle = {Advances in Neural Information Processing Systems 28},
editor = {C. Cortes and N. D. Lawrence and D. D. Lee and M. Sugiyama and R. Garnett},
pages = {2692--2700},
year = {2015},
publisher = {Curran Associates, Inc.},
url = {http://papers.nips.cc/paper/5866-pointer-networks.pdf}
}
@article{See_2017,
   title={Get To The Point: Summarization with Pointer-Generator Networks},
   url={http://dx.doi.org/10.18653/v1/P17-1099},
   DOI={10.18653/v1/p17-1099},
   journal={
           Proceedings of the 55th Annual Meeting of the Association for
          Computational Linguistics (Volume 1: Long Papers) 
        },
   publisher={Association for Computational Linguistics},
   author={See, Abigail and Liu, Peter J. and Manning, Christopher D.},
   year={2017}
}
